<?xml version="1.0" encoding="UTF-8"?><collection xmlns="http://www.loc.gov/MARC21/slim"><record><leader>00504nam--2200193-i-4500</leader><controlfield tag="001">000046771</controlfield><controlfield tag="002">20161230</controlfield><controlfield tag="005">20161230201046</controlfield><controlfield tag="008">060222s1000------------r-----000-0-ger-d</controlfield><datafield ind1=" " ind2=" " tag="040"><subfield code="a">IFIN-HH</subfield></datafield><datafield ind1=" " ind2=" " tag="041"><subfield code="a">ger</subfield></datafield><datafield ind1=" " ind2=" " tag="080"><subfield code="a">669.017</subfield></datafield><datafield ind1="1" ind2=" " tag="100"><subfield code="a">Vogel,Rudolf</subfield></datafield><datafield ind1="1" ind2="0" tag="245"><subfield code="a">Die heterogenen gleichgewichte</subfield><subfield code="c">Rudolf vogel</subfield></datafield><datafield ind1=" " ind2=" " tag="260"><subfield code="a">Leipzig</subfield><subfield code="b">Akademische Verlagsgesellschaft M.B.H</subfield><subfield code="c">1937</subfield></datafield><datafield ind1=" " ind2=" " tag="300"><subfield code="a">737 P</subfield></datafield><datafield ind1=" " ind2=" " tag="490"><subfield code="a">Handbuch Der Metallphysik</subfield></datafield><datafield ind1=" " ind2=" " tag="852"><subfield code="a">5110</subfield><subfield code="c">H.H</subfield></datafield><datafield ind1=" " ind2=" " tag="CAT"><subfield code="a">Sys</subfield><subfield code="c">20130327</subfield><subfield code="h">103717</subfield></datafield></record></collection>